[gd_scene load_steps=16 format=2]

[ext_resource path="res://resources/animation/sprites/greenHit/GreenHit_0000.png" type="Texture" id=1]
[ext_resource path="res://resources/audio/FirstFX.wav" type="AudioStream" id=2]
[ext_resource path="res://scenes/battle/animations/HitAnimation.gd" type="Script" id=3]
[ext_resource path="res://resources/animation/sprites/greenHit/GreenHit_0001.png" type="Texture" id=4]
[ext_resource path="res://resources/animation/sprites/greenHit/GreenHit_0002.png" type="Texture" id=5]
[ext_resource path="res://resources/animation/sprites/greenHit/GreenHit_0006.png" type="Texture" id=6]
[ext_resource path="res://resources/animation/sprites/greenHit/GreenHit_0009.png" type="Texture" id=7]
[ext_resource path="res://resources/animation/sprites/greenHit/GreenHit_0003.png" type="Texture" id=8]
[ext_resource path="res://resources/animation/sprites/greenHit/GreenHit_0010.png" type="Texture" id=9]
[ext_resource path="res://resources/animation/sprites/greenHit/GreenHit_0008.png" type="Texture" id=10]
[ext_resource path="res://resources/animation/sprites/greenHit/GreenHit_0007.png" type="Texture" id=11]
[ext_resource path="res://resources/animation/sprites/greenHit/GreenHit_0011.png" type="Texture" id=12]
[ext_resource path="res://resources/animation/sprites/greenHit/GreenHit_0004.png" type="Texture" id=13]
[ext_resource path="res://resources/animation/sprites/greenHit/GreenHit_0005.png" type="Texture" id=14]

[sub_resource type="SpriteFrames" id=1]
animations = [ {
"frames": [ ExtResource( 1 ), ExtResource( 4 ), ExtResource( 5 ), ExtResource( 8 ), ExtResource( 13 ), ExtResource( 14 ) ],
"loop": false,
"name": "start",
"speed": 15.0
}, {
"frames": [ ExtResource( 6 ), ExtResource( 11 ), ExtResource( 10 ), ExtResource( 7 ), ExtResource( 9 ), ExtResource( 12 ) ],
"loop": false,
"name": "finish",
"speed": 15.0
} ]

[node name="BashAnimation" type="AnimatedSprite"]
position = Vector2( 0, -16 )
scale = Vector2( 0.7, 0.7 )
frames = SubResource( 1 )
animation = "start"
script = ExtResource( 3 )

[node name="AudioStreamPlayer" type="AudioStreamPlayer" parent="."]
stream = ExtResource( 2 )
volume_db = -5.0
pitch_scale = 0.71
