[gd_scene load_steps=7 format=2]

[ext_resource path="res://resources/tiles/TilesetDirtWall.png" type="Texture" id=1]

[sub_resource type="RectangleShape2D" id=1]
extents = Vector2( 64, 64 )

[sub_resource type="RectangleShape2D" id=2]
extents = Vector2( 64, 64 )

[sub_resource type="RectangleShape2D" id=3]
extents = Vector2( 16, 64 )

[sub_resource type="RectangleShape2D" id=4]
extents = Vector2( 64, 16 )

[sub_resource type="RectangleShape2D" id=5]
extents = Vector2( 16, 16 )

[node name="Node" type="Node"]

[node name="A_WallTop1" type="Sprite" parent="."]
texture = ExtResource( 1 )
centered = false
region_enabled = true
region_rect = Rect2( 256, 384, 128, 128 )
__meta__ = {
"_edit_group_": true
}

[node name="StaticBody2D" type="StaticBody2D" parent="A_WallTop1"]

[node name="CollisionShape2D" type="CollisionShape2D" parent="A_WallTop1/StaticBody2D"]
position = Vector2( 64, 64 )
shape = SubResource( 1 )

[node name="A_WallTop2" type="Sprite" parent="."]
position = Vector2( 256, 0 )
texture = ExtResource( 1 )
centered = false
region_enabled = true
region_rect = Rect2( 640, 128, 128, 128 )
__meta__ = {
"_edit_group_": true
}

[node name="StaticBody2D" type="StaticBody2D" parent="A_WallTop2"]

[node name="CollisionShape2D" type="CollisionShape2D" parent="A_WallTop2/StaticBody2D"]
position = Vector2( 64, 64 )
shape = SubResource( 1 )

[node name="A_WallTop3" type="Sprite" parent="."]
position = Vector2( 512, 0 )
texture = ExtResource( 1 )
centered = false
region_enabled = true
region_rect = Rect2( 768, 128, 128, 128 )
__meta__ = {
"_edit_group_": true
}

[node name="StaticBody2D" type="StaticBody2D" parent="A_WallTop3"]

[node name="CollisionShape2D" type="CollisionShape2D" parent="A_WallTop3/StaticBody2D"]
position = Vector2( 64, 64 )
shape = SubResource( 1 )

[node name="A_WallTop4" type="Sprite" parent="."]
position = Vector2( 768, 0 )
texture = ExtResource( 1 )
centered = false
region_enabled = true
region_rect = Rect2( 896, 128, 128, 128 )
__meta__ = {
"_edit_group_": true
}

[node name="StaticBody2D" type="StaticBody2D" parent="A_WallTop4"]

[node name="CollisionShape2D" type="CollisionShape2D" parent="A_WallTop4/StaticBody2D"]
position = Vector2( 64, 64 )
shape = SubResource( 1 )

[node name="B_WallBottom0" type="Sprite" parent="."]
position = Vector2( 0, 256 )
texture = ExtResource( 1 )
centered = false
region_enabled = true
region_rect = Rect2( 256, 512, 128, 128 )
__meta__ = {
"_edit_group_": true
}

[node name="StaticBody2D" type="StaticBody2D" parent="B_WallBottom0"]

[node name="CollisionShape2D" type="CollisionShape2D" parent="B_WallBottom0/StaticBody2D"]
position = Vector2( 64, 64 )
shape = SubResource( 2 )

[node name="B_WallBottom1" type="Sprite" parent="."]
position = Vector2( 256, 256 )
texture = ExtResource( 1 )
centered = false
region_enabled = true
region_rect = Rect2( 640, 256, 128, 128 )
__meta__ = {
"_edit_group_": true
}

[node name="StaticBody2D" type="StaticBody2D" parent="B_WallBottom1"]

[node name="CollisionShape2D" type="CollisionShape2D" parent="B_WallBottom1/StaticBody2D"]
position = Vector2( 64, 64 )
shape = SubResource( 2 )

[node name="B_WallBottom2" type="Sprite" parent="."]
position = Vector2( 512, 256 )
texture = ExtResource( 1 )
centered = false
region_enabled = true
region_rect = Rect2( 768, 256, 128, 128 )
__meta__ = {
"_edit_group_": true
}

[node name="StaticBody2D" type="StaticBody2D" parent="B_WallBottom2"]

[node name="CollisionShape2D" type="CollisionShape2D" parent="B_WallBottom2/StaticBody2D"]
position = Vector2( 64, 64 )
shape = SubResource( 2 )

[node name="B_WallBottom3" type="Sprite" parent="."]
position = Vector2( 768, 256 )
texture = ExtResource( 1 )
centered = false
region_enabled = true
region_rect = Rect2( 896, 256, 128, 128 )
__meta__ = {
"_edit_group_": true
}

[node name="StaticBody2D" type="StaticBody2D" parent="B_WallBottom3"]

[node name="CollisionShape2D" type="CollisionShape2D" parent="B_WallBottom3/StaticBody2D"]
position = Vector2( 64, 64 )
shape = SubResource( 2 )

[node name="B_WallBottom4" type="Sprite" parent="."]
position = Vector2( 1024, 256 )
texture = ExtResource( 1 )
centered = false
region_enabled = true
region_rect = Rect2( 512, 1280, 128, 128 )
__meta__ = {
"_edit_group_": true
}

[node name="StaticBody2D" type="StaticBody2D" parent="B_WallBottom4"]

[node name="CollisionShape2D" type="CollisionShape2D" parent="B_WallBottom4/StaticBody2D"]
position = Vector2( 64, 64 )
shape = SubResource( 2 )

[node name="B_WallBottom5" type="Sprite" parent="."]
position = Vector2( 1280, 256 )
texture = ExtResource( 1 )
centered = false
region_enabled = true
region_rect = Rect2( 640, 1280, 128, 128 )
__meta__ = {
"_edit_group_": true
}

[node name="StaticBody2D" type="StaticBody2D" parent="B_WallBottom5"]

[node name="CollisionShape2D" type="CollisionShape2D" parent="B_WallBottom5/StaticBody2D"]
position = Vector2( 64, 64 )
shape = SubResource( 2 )

[node name="C_WallTopCornerLeft" type="Sprite" parent="."]
position = Vector2( 0, 512 )
texture = ExtResource( 1 )
centered = false
region_enabled = true
region_rect = Rect2( 128, 384, 128, 128 )
__meta__ = {
"_edit_group_": true
}

[node name="StaticBody2D" type="StaticBody2D" parent="C_WallTopCornerLeft"]

[node name="CollisionShape2D" type="CollisionShape2D" parent="C_WallTopCornerLeft/StaticBody2D"]
position = Vector2( 64, 64 )
shape = SubResource( 2 )

[node name="C_WallTopCornerRight" type="Sprite" parent="."]
position = Vector2( 256, 512 )
texture = ExtResource( 1 )
centered = false
region_enabled = true
region_rect = Rect2( 384, 384, 128, 128 )
__meta__ = {
"_edit_group_": true
}

[node name="StaticBody2D" type="StaticBody2D" parent="C_WallTopCornerRight"]

[node name="CollisionShape2D" type="CollisionShape2D" parent="C_WallTopCornerRight/StaticBody2D"]
position = Vector2( 64, 64 )
shape = SubResource( 2 )

[node name="C_WallBottomCornerLeft" type="Sprite" parent="."]
position = Vector2( 512, 512 )
texture = ExtResource( 1 )
centered = false
region_enabled = true
region_rect = Rect2( 128, 512, 128, 128 )
__meta__ = {
"_edit_group_": true
}

[node name="StaticBody2D" type="StaticBody2D" parent="C_WallBottomCornerLeft"]

[node name="CollisionShape2D" type="CollisionShape2D" parent="C_WallBottomCornerLeft/StaticBody2D"]
position = Vector2( 64, 64 )
shape = SubResource( 2 )

[node name="C_WallBottomCornerLeft2" type="Sprite" parent="."]
position = Vector2( 768, 512 )
texture = ExtResource( 1 )
centered = false
region_enabled = true
region_rect = Rect2( 384, 512, 128, 128 )
__meta__ = {
"_edit_group_": true
}

[node name="StaticBody2D" type="StaticBody2D" parent="C_WallBottomCornerLeft2"]

[node name="CollisionShape2D" type="CollisionShape2D" parent="C_WallBottomCornerLeft2/StaticBody2D"]
position = Vector2( 64, 64 )
shape = SubResource( 2 )

[node name="D_WallLedgeLeft" type="Sprite" parent="."]
position = Vector2( 0, 768 )
texture = ExtResource( 1 )
centered = false
region_enabled = true
region_rect = Rect2( 512, 1152, 128, 128 )
__meta__ = {
"_edit_group_": true
}

[node name="D_WallLedgeRight" type="Sprite" parent="."]
position = Vector2( 256, 768 )
texture = ExtResource( 1 )
centered = false
region_enabled = true
region_rect = Rect2( 640, 1152, 128, 128 )
__meta__ = {
"_edit_group_": true
}

[node name="E_BorderLeft0" type="Sprite" parent="."]
position = Vector2( 0, 1024 )
texture = ExtResource( 1 )
centered = false
region_enabled = true
region_rect = Rect2( 1152, 128, 128, 128 )
__meta__ = {
"_edit_group_": true
}

[node name="StaticBody2D2" type="StaticBody2D" parent="E_BorderLeft0"]

[node name="CollisionShape2D" type="CollisionShape2D" parent="E_BorderLeft0/StaticBody2D2"]
position = Vector2( 16, 64 )
shape = SubResource( 3 )

[node name="E_BorderLeft1" type="Sprite" parent="."]
position = Vector2( 128, 1024 )
texture = ExtResource( 1 )
centered = false
region_enabled = true
region_rect = Rect2( 1152, 256, 128, 128 )
__meta__ = {
"_edit_group_": true
}

[node name="StaticBody2D3" type="StaticBody2D" parent="E_BorderLeft1"]

[node name="CollisionShape2D" type="CollisionShape2D" parent="E_BorderLeft1/StaticBody2D3"]
position = Vector2( 16, 64 )
shape = SubResource( 3 )

[node name="E_BorderLeft2" type="Sprite" parent="."]
position = Vector2( 256, 1024 )
texture = ExtResource( 1 )
centered = false
region_enabled = true
region_rect = Rect2( 1152, 384, 128, 128 )
__meta__ = {
"_edit_group_": true
}

[node name="StaticBody2D3" type="StaticBody2D" parent="E_BorderLeft2"]

[node name="CollisionShape2D" type="CollisionShape2D" parent="E_BorderLeft2/StaticBody2D3"]
position = Vector2( 16, 64 )
shape = SubResource( 3 )

[node name="E_BorderLeft3" type="Sprite" parent="."]
position = Vector2( 384, 1024 )
texture = ExtResource( 1 )
centered = false
region_enabled = true
region_rect = Rect2( 128, 256, 128, 128 )
__meta__ = {
"_edit_group_": true
}

[node name="StaticBody2D3" type="StaticBody2D" parent="E_BorderLeft3"]

[node name="CollisionShape2D" type="CollisionShape2D" parent="E_BorderLeft3/StaticBody2D3"]
position = Vector2( 16, 64 )
shape = SubResource( 3 )

[node name="E_BorderLeft4" type="Sprite" parent="."]
position = Vector2( 512, 1024 )
texture = ExtResource( 1 )
centered = false
region_enabled = true
region_rect = Rect2( 1024, 384, 128, 128 )
__meta__ = {
"_edit_group_": true
}

[node name="StaticBody2D3" type="StaticBody2D" parent="E_BorderLeft4"]

[node name="CollisionShape2D" type="CollisionShape2D" parent="E_BorderLeft4/StaticBody2D3"]
position = Vector2( 16, 64 )
shape = SubResource( 3 )

[node name="E_BorderLeft5" type="Sprite" parent="."]
position = Vector2( 640, 1024 )
texture = ExtResource( 1 )
centered = false
region_enabled = true
region_rect = Rect2( 1024, 256, 128, 128 )
__meta__ = {
"_edit_group_": true
}

[node name="StaticBody2D3" type="StaticBody2D" parent="E_BorderLeft5"]

[node name="CollisionShape2D" type="CollisionShape2D" parent="E_BorderLeft5/StaticBody2D3"]
position = Vector2( 16, 64 )
shape = SubResource( 3 )

[node name="E_BorderLeft6" type="Sprite" parent="."]
position = Vector2( 768, 1024 )
texture = ExtResource( 1 )
centered = false
region_enabled = true
region_rect = Rect2( 1024, 128, 128, 128 )
__meta__ = {
"_edit_group_": true
}

[node name="StaticBody2D3" type="StaticBody2D" parent="E_BorderLeft6"]

[node name="CollisionShape2D" type="CollisionShape2D" parent="E_BorderLeft6/StaticBody2D3"]
position = Vector2( 16, 64 )
shape = SubResource( 3 )

[node name="F_BorderRight0" type="Sprite" parent="."]
position = Vector2( 0, 1280 )
texture = ExtResource( 1 )
centered = false
region_enabled = true
region_rect = Rect2( 1280, 128, 128, 128 )
__meta__ = {
"_edit_group_": true
}

[node name="StaticBody2D3" type="StaticBody2D" parent="F_BorderRight0"]

[node name="CollisionShape2D" type="CollisionShape2D" parent="F_BorderRight0/StaticBody2D3"]
position = Vector2( 112, 64 )
shape = SubResource( 3 )

[node name="F_BorderRight1" type="Sprite" parent="."]
position = Vector2( 128, 1280 )
texture = ExtResource( 1 )
centered = false
region_enabled = true
region_rect = Rect2( 1280, 256, 128, 128 )
__meta__ = {
"_edit_group_": true
}

[node name="StaticBody2D3" type="StaticBody2D" parent="F_BorderRight1"]

[node name="CollisionShape2D" type="CollisionShape2D" parent="F_BorderRight1/StaticBody2D3"]
position = Vector2( 112, 64 )
shape = SubResource( 3 )

[node name="F_BorderRight2" type="Sprite" parent="."]
position = Vector2( 256, 1280 )
texture = ExtResource( 1 )
centered = false
region_enabled = true
region_rect = Rect2( 1280, 384, 128, 128 )
__meta__ = {
"_edit_group_": true
}

[node name="StaticBody2D3" type="StaticBody2D" parent="F_BorderRight2"]

[node name="CollisionShape2D" type="CollisionShape2D" parent="F_BorderRight2/StaticBody2D3"]
position = Vector2( 112, 64 )
shape = SubResource( 3 )

[node name="F_BorderRight3" type="Sprite" parent="."]
position = Vector2( 384, 1280 )
texture = ExtResource( 1 )
centered = false
region_enabled = true
region_rect = Rect2( 384, 256, 128, 128 )
__meta__ = {
"_edit_group_": true
}

[node name="StaticBody2D3" type="StaticBody2D" parent="F_BorderRight3"]

[node name="CollisionShape2D" type="CollisionShape2D" parent="F_BorderRight3/StaticBody2D3"]
position = Vector2( 112, 64 )
shape = SubResource( 3 )

[node name="F_BorderRight4" type="Sprite" parent="."]
position = Vector2( 512, 1280 )
texture = ExtResource( 1 )
centered = false
region_enabled = true
region_rect = Rect2( 512, 384, 128, 128 )
__meta__ = {
"_edit_group_": true
}

[node name="StaticBody2D3" type="StaticBody2D" parent="F_BorderRight4"]

[node name="CollisionShape2D" type="CollisionShape2D" parent="F_BorderRight4/StaticBody2D3"]
position = Vector2( 112, 64 )
shape = SubResource( 3 )

[node name="F_BorderRight5" type="Sprite" parent="."]
position = Vector2( 640, 1280 )
texture = ExtResource( 1 )
centered = false
region_enabled = true
region_rect = Rect2( 512, 256, 128, 128 )
__meta__ = {
"_edit_group_": true
}

[node name="StaticBody2D3" type="StaticBody2D" parent="F_BorderRight5"]

[node name="CollisionShape2D" type="CollisionShape2D" parent="F_BorderRight5/StaticBody2D3"]
position = Vector2( 112, 64 )
shape = SubResource( 3 )

[node name="F_BorderRight6" type="Sprite" parent="."]
position = Vector2( 768, 1280 )
texture = ExtResource( 1 )
centered = false
region_enabled = true
region_rect = Rect2( 512, 128, 128, 128 )
__meta__ = {
"_edit_group_": true
}

[node name="StaticBody2D3" type="StaticBody2D" parent="F_BorderRight6"]

[node name="CollisionShape2D" type="CollisionShape2D" parent="F_BorderRight6/StaticBody2D3"]
position = Vector2( 112, 64 )
shape = SubResource( 3 )

[node name="G_BorderTop0" type="Sprite" parent="."]
position = Vector2( 0, 1536 )
texture = ExtResource( 1 )
centered = false
region_enabled = true
region_rect = Rect2( 1536, 128, 128, 128 )
__meta__ = {
"_edit_group_": true
}

[node name="StaticBody2D3" type="StaticBody2D" parent="G_BorderTop0"]

[node name="CollisionShape2D" type="CollisionShape2D" parent="G_BorderTop0/StaticBody2D3"]
position = Vector2( 64, 16 )
shape = SubResource( 4 )

[node name="G_BorderTop1" type="Sprite" parent="."]
position = Vector2( 256, 1536 )
texture = ExtResource( 1 )
centered = false
region_enabled = true
region_rect = Rect2( 1664, 128, 128, 128 )
__meta__ = {
"_edit_group_": true
}

[node name="StaticBody2D3" type="StaticBody2D" parent="G_BorderTop1"]

[node name="CollisionShape2D" type="CollisionShape2D" parent="G_BorderTop1/StaticBody2D3"]
position = Vector2( 64, 16 )
shape = SubResource( 4 )

[node name="G_BorderTop2" type="Sprite" parent="."]
position = Vector2( 512, 1536 )
texture = ExtResource( 1 )
centered = false
region_enabled = true
region_rect = Rect2( 1792, 128, 128, 128 )
__meta__ = {
"_edit_group_": true
}

[node name="StaticBody2D3" type="StaticBody2D" parent="G_BorderTop2"]

[node name="CollisionShape2D" type="CollisionShape2D" parent="G_BorderTop2/StaticBody2D3"]
position = Vector2( 64, 16 )
shape = SubResource( 4 )

[node name="G_BorderTop3" type="Sprite" parent="."]
position = Vector2( 768, 1536 )
texture = ExtResource( 1 )
centered = false
region_enabled = true
region_rect = Rect2( 256, 128, 128, 128 )
__meta__ = {
"_edit_group_": true
}

[node name="StaticBody2D3" type="StaticBody2D" parent="G_BorderTop3"]

[node name="CollisionShape2D" type="CollisionShape2D" parent="G_BorderTop3/StaticBody2D3"]
position = Vector2( 64, 16 )
shape = SubResource( 4 )

[node name="H_BorderCornerLeft" type="Sprite" parent="."]
position = Vector2( 0, 1664 )
texture = ExtResource( 1 )
centered = false
region_enabled = true
region_rect = Rect2( 128, 128, 128, 128 )
__meta__ = {
"_edit_group_": true
}

[node name="StaticBody2D3" type="StaticBody2D" parent="H_BorderCornerLeft"]

[node name="CollisionShape2D" type="CollisionShape2D" parent="H_BorderCornerLeft/StaticBody2D3"]
position = Vector2( 64, 16 )
shape = SubResource( 4 )

[node name="CollisionShape2D2" type="CollisionShape2D" parent="H_BorderCornerLeft/StaticBody2D3"]
position = Vector2( 16, 64 )
shape = SubResource( 3 )

[node name="H_BorderCornerLeft2" type="Sprite" parent="."]
position = Vector2( 512, 1664 )
texture = ExtResource( 1 )
centered = false
region_enabled = true
region_rect = Rect2( 512, 512, 128, 128 )
__meta__ = {
"_edit_group_": true
}

[node name="StaticBody2D3" type="StaticBody2D" parent="H_BorderCornerLeft2"]

[node name="CollisionShape2D" type="CollisionShape2D" parent="H_BorderCornerLeft2/StaticBody2D3"]
position = Vector2( 112, 16 )
shape = SubResource( 5 )

[node name="H_BorderCornerRight" type="Sprite" parent="."]
position = Vector2( 256, 1664 )
texture = ExtResource( 1 )
centered = false
region_enabled = true
region_rect = Rect2( 384, 128, 128, 128 )
__meta__ = {
"_edit_group_": true
}

[node name="StaticBody2D3" type="StaticBody2D" parent="H_BorderCornerRight"]

[node name="CollisionShape2D" type="CollisionShape2D" parent="H_BorderCornerRight/StaticBody2D3"]
position = Vector2( 64, 16 )
shape = SubResource( 4 )

[node name="CollisionShape2D2" type="CollisionShape2D" parent="H_BorderCornerRight/StaticBody2D3"]
position = Vector2( 112, 64 )
shape = SubResource( 3 )

[node name="H_BorderCornerRight2" type="Sprite" parent="."]
position = Vector2( 768, 1664 )
texture = ExtResource( 1 )
centered = false
region_enabled = true
region_rect = Rect2( 1024, 512, 128, 128 )
__meta__ = {
"_edit_group_": true
}

[node name="StaticBody2D3" type="StaticBody2D" parent="H_BorderCornerRight2"]

[node name="CollisionShape2D" type="CollisionShape2D" parent="H_BorderCornerRight2/StaticBody2D3"]
position = Vector2( 16, 16 )
shape = SubResource( 5 )

[node name="I_Stub0" type="Sprite" parent="."]
position = Vector2( 0, 1920 )
texture = ExtResource( 1 )
centered = false
region_enabled = true
region_rect = Rect2( 1152, 512, 128, 128 )
__meta__ = {
"_edit_group_": true
}

[node name="StaticBody2D3" type="StaticBody2D" parent="I_Stub0"]

[node name="CollisionShape2D" type="CollisionShape2D" parent="I_Stub0/StaticBody2D3"]
position = Vector2( 16, 16 )
shape = SubResource( 5 )

[node name="I_Stub1" type="Sprite" parent="."]
position = Vector2( 128, 1920 )
texture = ExtResource( 1 )
centered = false
region_enabled = true
region_rect = Rect2( 1152, 0, 128, 128 )
__meta__ = {
"_edit_group_": true
}

[node name="StaticBody2D3" type="StaticBody2D" parent="I_Stub1"]

[node name="CollisionShape2D" type="CollisionShape2D" parent="I_Stub1/StaticBody2D3"]
position = Vector2( 16, 112 )
shape = SubResource( 5 )

[node name="I_Stub2" type="Sprite" parent="."]
position = Vector2( 256, 1920 )
texture = ExtResource( 1 )
centered = false
region_enabled = true
region_rect = Rect2( 1280, 512, 128, 128 )
__meta__ = {
"_edit_group_": true
}

[node name="StaticBody2D3" type="StaticBody2D" parent="I_Stub2"]

[node name="CollisionShape2D" type="CollisionShape2D" parent="I_Stub2/StaticBody2D3"]
position = Vector2( 112, 16 )
shape = SubResource( 5 )

[node name="I_Stub3" type="Sprite" parent="."]
position = Vector2( 384, 1920 )
texture = ExtResource( 1 )
centered = false
region_enabled = true
region_rect = Rect2( 1280, 0, 128, 128 )
__meta__ = {
"_edit_group_": true
}

[node name="StaticBody2D3" type="StaticBody2D" parent="I_Stub3"]

[node name="CollisionShape2D" type="CollisionShape2D" parent="I_Stub3/StaticBody2D3"]
position = Vector2( 112, 112 )
shape = SubResource( 5 )

[node name="I_Stub4" type="Sprite" parent="."]
position = Vector2( 512, 1920 )
texture = ExtResource( 1 )
centered = false
region_enabled = true
region_rect = Rect2( 1408, 128, 128, 128 )
__meta__ = {
"_edit_group_": true
}

[node name="StaticBody2D3" type="StaticBody2D" parent="I_Stub4"]

[node name="CollisionShape2D" type="CollisionShape2D" parent="I_Stub4/StaticBody2D3"]
position = Vector2( 112, 16 )
shape = SubResource( 5 )

[node name="I_Stub5" type="Sprite" parent="."]
position = Vector2( 768, 1920 )
texture = ExtResource( 1 )
centered = false
region_enabled = true
region_rect = Rect2( 1920, 128, 128, 128 )
__meta__ = {
"_edit_group_": true
}

[node name="StaticBody2D3" type="StaticBody2D" parent="I_Stub5"]

[node name="CollisionShape2D" type="CollisionShape2D" parent="I_Stub5/StaticBody2D3"]
position = Vector2( 16, 16 )
shape = SubResource( 5 )
