[gd_scene load_steps=5 format=2]

[ext_resource path="res://scenes/battle3D/StanceCard.tscn" type="PackedScene" id=1]
[ext_resource path="res://scenes/battle3D/StanceButton.tscn" type="PackedScene" id=2]
[ext_resource path="res://scenes/battle3D/StanceInfoTab.gd" type="Script" id=3]

[sub_resource type="StyleBoxFlat" id=1]

[node name="StanceInfoTab" type="HBoxContainer"]
margin_left = 8.0
margin_right = 1748.0
margin_bottom = 39.0
size_flags_vertical = 3
custom_constants/separation = 20
script = ExtResource( 3 )
__meta__ = {
"_edit_use_anchors_": false
}

[node name="CurrentStanceCard" parent="." instance=ExtResource( 1 )]
margin_right = 261.0
margin_bottom = 112.0

[node name="Panel" type="Panel" parent="."]
margin_left = 281.0
margin_right = 287.0
margin_bottom = 112.0
rect_min_size = Vector2( 6, 0 )
size_flags_horizontal = 5
size_flags_vertical = 5
custom_styles/panel = SubResource( 1 )

[node name="SelectedStanceCard" parent="." instance=ExtResource( 1 )]
margin_left = 307.0
margin_right = 568.0
margin_bottom = 112.0

[node name="MarginContainer" type="MarginContainer" parent="."]
margin_left = 588.0
margin_right = 1620.0
margin_bottom = 112.0
size_flags_horizontal = 3

[node name="Buttons" type="VBoxContainer" parent="."]
margin_left = 1640.0
margin_right = 1740.0
margin_bottom = 112.0
size_flags_vertical = 3
custom_constants/separation = 8

[node name="Button" parent="Buttons" instance=ExtResource( 2 )]
margin_right = 100.0
margin_bottom = 22.0

[node name="Button2" parent="Buttons" instance=ExtResource( 2 )]
margin_top = 30.0
margin_right = 100.0
margin_bottom = 52.0

[node name="Button3" parent="Buttons" instance=ExtResource( 2 )]
margin_top = 60.0
margin_right = 100.0
margin_bottom = 82.0

[node name="Button4" parent="Buttons" instance=ExtResource( 2 )]
margin_top = 90.0
margin_right = 100.0
margin_bottom = 112.0
[connection signal="mouse_entered" from="Buttons/Button" to="." method="_on_button_hover" binds= [ 0 ]]
[connection signal="pressed" from="Buttons/Button" to="." method="_on_button_pressed" binds= [ 0 ]]
[connection signal="mouse_entered" from="Buttons/Button2" to="." method="_on_button_hover" binds= [ 1 ]]
[connection signal="pressed" from="Buttons/Button2" to="." method="_on_button_pressed" binds= [ 1 ]]
[connection signal="mouse_entered" from="Buttons/Button3" to="." method="_on_button_hover" binds= [ 2 ]]
[connection signal="pressed" from="Buttons/Button3" to="." method="_on_button_pressed" binds= [ 2 ]]
[connection signal="mouse_entered" from="Buttons/Button4" to="." method="_on_button_hover" binds= [ 3 ]]
[connection signal="pressed" from="Buttons/Button4" to="." method="_on_button_pressed" binds= [ 3 ]]
